<?xml version="1.0" encoding="UTF-8"?>
<!DOCTYPE html PUBLIC "-//W3C//DTD XHTML 1.0 Transitional//EN"
    "http://www.w3.org/TR/xhtml1/DTD/xhtml1-transitional.dtd">
<html xmlns="http://www.w3.org/1999/xhtml" xml:lang="en" lang="en">
 <head>
  <title>
</title>
<meta http-equiv="Content-Type" content="text/html;charset=utf-8" />
  <meta name='ocr-system' content='tesseract 3.04.00' />
  <meta name='ocr-capabilities' content='ocr_page ocr_carea ocr_par ocr_line ocrx_word'/>
</head>
<body>
  <div class='ocr_page' id='page_1' title='image "./latinsubordinat00unkngoog_0056.png"; bbox 0 0 2859 4300; ppageno 0'>
   <div class='ocr_carea' id='block_1_1' title="bbox 372 261 2262 349">
    <p class='ocr_par' dir='ltr' id='par_1_1' title="bbox 372 261 2262 349">
     <span class='ocr_line' id='line_1_1' title="bbox 372 261 2262 349; baseline -0.002 -16"><span class='ocrx_word' id='word_1_1' title='bbox 372 283 453 349; x_wconf 87' lang='lat'><strong>50</strong></span> <span class='ocrx_word' id='word_1_2' title='bbox 693 276 931 329; x_wconf 84' lang='lat' dir='ltr'>LATIN</span> <span class='ocrx_word' id='word_1_3' title='bbox 985 276 1546 330; x_wconf 78' lang='lat' dir='ltr'><strong>SUBoRmNATE</strong></span> <span class='ocrx_word' id='word_1_4' title='bbox 1596 261 1896 330; x_wconf 66' lang='lat' dir='ltr'><strong>cLAusE</strong></span> <span class='ocrx_word' id='word_1_5' title='bbox 1948 269 2262 331; x_wconf 70' lang='lat' dir='ltr'>SYNTAX</span> 
     </span>
    </p>
   </div>
   <div class='ocr_carea' id='block_1_2' title="bbox 366 452 2037 1371">
    <p class='ocr_par' dir='ltr' id='par_1_2' title="bbox 373 452 794 518">
     <span class='ocr_line' id='line_1_2' title="bbox 373 452 794 518; baseline -0.005 0"><span class='ocrx_word' id='word_1_6' title='bbox 373 452 430 518; x_wconf 88' lang='lat' dir='ltr'><strong>C</strong></span> <span class='ocrx_word' id='word_1_7' title='bbox 424 453 749 518; x_wconf 84' lang='lat' dir='ltr'><strong>oncession</strong></span> <span class='ocrx_word' id='word_1_8' title='bbox 769 475 794 516; x_wconf 79' lang='grc'><strong>.-</strong></span> 
     </span>
    </p>

    <p class='ocr_par' dir='ltr' id='par_1_3' title="bbox 454 558 1138 638">
     <span class='ocr_line' id='line_1_3' title="bbox 454 558 1138 638; baseline -0.003 -18"><span class='ocrx_word' id='word_1_9' title='bbox 454 566 778 636; x_wconf 70' lang='lat' dir='ltr'><strong>quamvss,</strong></span> <span class='ocrx_word' id='word_1_10' title='bbox 811 566 891 622; x_wconf 87' lang='lat' dir='ltr'><strong>ut</strong></span> <span class='ocrx_word' id='word_1_11' title='bbox 919 560 1011 638; x_wconf 87' lang='lat'><strong>(5,</strong></span> <span class='ocrx_word' id='word_1_12' title='bbox 1045 558 1138 637; x_wconf 85' lang='lat' dir='ltr'><strong>a).</strong></span> 
     </span>
    </p>

    <p class='ocr_par' dir='ltr' id='par_1_4' title="bbox 373 659 833 848">
     <span class='ocr_line' id='line_1_4' title="bbox 455 659 813 746; baseline -0.003 -21"><span class='ocrx_word' id='word_1_13' title='bbox 455 670 582 726; x_wconf 79' lang='lat' dir='ltr'><strong>etsi</strong></span> <span class='ocrx_word' id='word_1_14' title='bbox 611 659 704 741; x_wconf 93' lang='lat'><strong>(5,</strong></span> <span class='ocrx_word' id='word_1_15' title='bbox 737 662 813 746; x_wconf 91' lang='lat' dir='ltr'><strong>c).</strong></span> 
     </span>
     <span class='ocr_line' id='line_1_5' title="bbox 373 763 833 848; baseline -0.004 -19"><span class='ocrx_word' id='word_1_16' title='bbox 373 763 790 848; x_wconf 81' lang='lat' dir='ltr'><strong>Comparison</strong></span> <span class='ocrx_word' id='word_1_17' title='bbox 809 787 833 826; x_wconf 81' lang='grc'><strong>.-</strong></span> 
     </span>
    </p>

    <p class='ocr_par' dir='ltr' id='par_1_5' title="bbox 372 868 1680 1037">
     <span class='ocr_line' id='line_1_6' title="bbox 456 868 1680 956; baseline 0.002 -24"><span class='ocrx_word' id='word_1_18' title='bbox 456 877 533 933; x_wconf 88' lang='lat' dir='ltr'><strong>ut</strong></span> <span class='ocrx_word' id='word_1_19' title='bbox 562 878 640 945; x_wconf 82' lang='lat' dir='ltr'><strong>si,</strong></span> <span class='ocrx_word' id='word_1_20' title='bbox 675 887 873 948; x_wconf 81' lang='lat' dir='ltr'><strong>quam</strong></span> <span class='ocrx_word' id='word_1_21' title='bbox 903 879 981 946; x_wconf 83' lang='lat' dir='ltr'><strong>si,</strong></span> <span class='ocrx_word' id='word_1_22' title='bbox 1015 879 1353 950; x_wconf 79' lang='lat' dir='ltr'><strong>tamquam</strong></span> <span class='ocrx_word' id='word_1_23' title='bbox 1385 879 1446 936; x_wconf 81' lang='lat' dir='ltr'><strong>si</strong></span> <span class='ocrx_word' id='word_1_24' title='bbox 1475 868 1567 952; x_wconf 93' lang='lat'><strong>(6,</strong></span> <span class='ocrx_word' id='word_1_25' title='bbox 1601 875 1680 956; x_wconf 90' lang='lat' dir='ltr'><strong>c).</strong></span> 
     </span>
     <span class='ocr_line' id='line_1_7' title="bbox 372 971 760 1037; baseline -0.005 0"><span class='ocrx_word' id='word_1_26' title='bbox 372 971 717 1037; x_wconf 84' lang='lat' dir='ltr'><strong>Condition</strong></span> <span class='ocrx_word' id='word_1_27' title='bbox 737 996 760 1036; x_wconf 91' lang='lat'><strong>.·</strong></span> 
     </span>
    </p>

    <p class='ocr_par' dir='ltr' id='par_1_6' title="bbox 366 1077 1842 1244">
     <span class='ocr_line' id='line_1_8' title="bbox 460 1077 1842 1161; baseline 0.001 -21"><span class='ocrx_word' id='word_1_28' title='bbox 460 1077 802 1141; x_wconf 88' lang='lat' dir='ltr'><strong>Relative:</strong></span> <span class='ocrx_word' id='word_1_29' title='bbox 850 1086 944 1153; x_wconf 87' lang='lat' dir='ltr'><strong>ut,</strong></span> <span class='ocrx_word' id='word_1_30' title='bbox 978 1080 1110 1155; x_wconf 88' lang='lat' dir='ltr'><strong>ubi,</strong></span> <span class='ocrx_word' id='word_1_31' title='bbox 1145 1097 1310 1154; x_wconf 86' lang='lat' dir='ltr'><strong>cum,</strong></span> <span class='ocrx_word' id='word_1_32' title='bbox 1345 1081 1603 1158; x_wconf 77' lang='lat' dir='ltr'><strong>quando</strong></span> <span class='ocrx_word' id='word_1_33' title='bbox 1631 1080 1724 1159; x_wconf 90' lang='lat'><strong>(7,</strong></span> <span class='ocrx_word' id='word_1_34' title='bbox 1761 1077 1842 1161; x_wconf 87' lang='lat' dir='ltr'><strong>b).</strong></span> 
     </span>
     <span class='ocr_line' id='line_1_9' title="bbox 366 1181 692 1244; baseline 0.006 -2"><span class='ocrx_word' id='word_1_35' title='bbox 366 1181 650 1244; x_wconf 82' lang='lat' dir='ltr'><em>Proviso</em></span> <span class='ocrx_word' id='word_1_36' title='bbox 669 1204 692 1244; x_wconf 96' lang='lat'><strong>.·</strong></span> 
     </span>
    </p>

    <p class='ocr_par' dir='ltr' id='par_1_7' title="bbox 459 1282 2037 1371">
     <span class='ocr_line' id='line_1_10' title="bbox 459 1282 2037 1371; baseline 0.001 -23"><span class='ocrx_word' id='word_1_37' title='bbox 459 1285 644 1349; x_wconf 91' lang='lat' dir='ltr'><strong>Does</strong></span> <span class='ocrx_word' id='word_1_38' title='bbox 676 1295 794 1349; x_wconf 89' lang='lat' dir='ltr'><strong>not</strong></span> <span class='ocrx_word' id='word_1_39' title='bbox 825 1306 1025 1349; x_wconf 91' lang='lat' dir='ltr'><strong>occur</strong></span> <span class='ocrx_word' id='word_1_40' title='bbox 1056 1295 1293 1368; x_wconf 84' lang='lat' dir='ltr'>except</span> <span class='ocrx_word' id='word_1_41' title='bbox 1325 1285 1484 1350; x_wconf 91' lang='lat' dir='ltr'><strong>with</strong></span> <span class='ocrx_word' id='word_1_42' title='bbox 1514 1289 1672 1350; x_wconf 86' lang='lat' dir='ltr'><strong>dum</strong></span> <span class='ocrx_word' id='word_1_43' title='bbox 1704 1289 1887 1352; x_wconf 84' lang='lat' dir='ltr'><strong>modo</strong></span> <span class='ocrx_word' id='word_1_44' title='bbox 1915 1282 2037 1371; x_wconf 90' lang='lat'><strong>(8).</strong></span> 
     </span>
    </p>
   </div>
   <div class='ocr_carea' id='block_1_3' title="bbox 1128 1491 1809 1556">
    <p class='ocr_par' dir='ltr' id='par_1_8' title="bbox 1128 1491 1809 1556">
     <span class='ocr_line' id='line_1_11' title="bbox 1128 1491 1809 1556; baseline -0.004 -1"><span class='ocrx_word' id='word_1_45' title='bbox 1128 1492 1413 1555; x_wconf 78' lang='lat' dir='ltr'><strong>CLAUSE</strong></span> <span class='ocrx_word' id='word_1_46' title='bbox 1464 1491 1809 1556; x_wconf 76' lang='lat' dir='ltr'>SUMMARY</span> 
     </span>
    </p>
   </div>
   <div class='ocr_carea' id='block_1_4' title="bbox 367 1644 2585 1825">
    <p class='ocr_par' dir='ltr' id='par_1_9' title="bbox 367 1644 2585 1825">
     <span class='ocr_line' id='line_1_12' title="bbox 456 1644 2585 1730; baseline 0.001 -23"><span class='ocrx_word' id='word_1_47' title='bbox 456 1644 604 1708; x_wconf 88' lang='lat' dir='ltr'><strong>The</strong></span> <span class='ocrx_word' id='word_1_48' title='bbox 650 1644 995 1726; x_wconf 83' lang='lat' dir='ltr'>following</span> <span class='ocrx_word' id='word_1_49' title='bbox 1043 1665 1399 1730; x_wconf 81' lang='lat' dir='ltr'><strong>summat-y,</strong></span> <span class='ocrx_word' id='word_1_50' title='bbox 1444 1645 1639 1708; x_wconf 89' lang='lat' dir='ltr'><strong>made</strong></span> <span class='ocrx_word' id='word_1_51' title='bbox 1684 1645 1861 1708; x_wconf 81' lang='lat' dir='ltr'><strong>from</strong></span> <span class='ocrx_word' id='word_1_52' title='bbox 1906 1645 2022 1708; x_wconf 89' lang='lat' dir='ltr'><strong>the</strong></span> <span class='ocrx_word' id='word_1_53' title='bbox 2071 1645 2466 1727; x_wconf 90' lang='lat' dir='ltr'><strong>standpoint</strong></span> <span class='ocrx_word' id='word_1_54' title='bbox 2508 1646 2585 1709; x_wconf 83' lang='lat' dir='ltr'><strong>of</strong></span> 
     </span>
     <span class='ocr_line' id='line_1_13' title="bbox 367 1748 2583 1825; baseline 0.001 -15"><span class='ocrx_word' id='word_1_55' title='bbox 367 1749 483 1812; x_wconf 91' lang='lat' dir='ltr'><strong>the</strong></span> <span class='ocrx_word' id='word_1_56' title='bbox 527 1748 713 1812; x_wconf 88' lang='lat' dir='ltr'>ideas</span> <span class='ocrx_word' id='word_1_57' title='bbox 759 1749 1072 1813; x_wconf 89' lang='lat' dir='ltr'>involved</span> <span class='ocrx_word' id='word_1_58' title='bbox 1118 1750 1184 1811; x_wconf 94' lang='lat' dir='ltr'><strong>in</strong></span> <span class='ocrx_word' id='word_1_59' title='bbox 1233 1749 1350 1813; x_wconf 91' lang='lat' dir='ltr'><strong>the</strong></span> <span class='ocrx_word' id='word_1_60' title='bbox 1393 1751 1660 1812; x_wconf 89' lang='lat' dir='ltr'><strong>various</strong></span> <span class='ocrx_word' id='word_1_61' title='bbox 1709 1748 2141 1812; x_wconf 85' lang='lat' dir='ltr'><strong>subordinate</strong></span> <span class='ocrx_word' id='word_1_62' title='bbox 2189 1749 2471 1825; x_wconf 82' lang='lat' dir='ltr'><strong>clauseS,</strong></span> <span class='ocrx_word' id='word_1_63' title='bbox 2521 1751 2583 1812; x_wconf 91' lang='lat' dir='ltr'><strong>is</strong></span> 
     </span>
    </p>
   </div>
   <div class='ocr_carea' id='block_1_5' title="bbox 369 1851 2583 2020">
    <p class='ocr_par' dir='ltr' id='par_1_10' title="bbox 369 1851 2583 2020">
     <span class='ocr_line' id='line_1_14' title="bbox 369 1851 2583 1934; baseline 0 -20"><span class='ocrx_word' id='word_1_64' title='bbox 369 1853 563 1914; x_wconf 87' lang='lat' dir='ltr'><strong>made</strong></span> <span class='ocrx_word' id='word_1_65' title='bbox 610 1861 678 1915; x_wconf 88' lang='lat' dir='ltr'><strong>to</strong></span> <span class='ocrx_word' id='word_1_66' title='bbox 724 1851 878 1934; x_wconf 87' lang='lat' dir='ltr'><strong>give</strong></span> <span class='ocrx_word' id='word_1_67' title='bbox 938 1852 1054 1916; x_wconf 93' lang='lat' dir='ltr'><strong>the</strong></span> <span class='ocrx_word' id='word_1_68' title='bbox 1101 1852 1374 1916; x_wconf 87' lang='lat' dir='ltr'><strong>student</strong></span> <span class='ocrx_word' id='word_1_69' title='bbox 1432 1872 1473 1916; x_wconf 91' lang='lat' dir='ltr'><strong>a</strong></span> <span class='ocrx_word' id='word_1_70' title='bbox 1517 1852 2066 1934; x_wconf 88' lang='lat' dir='ltr'><strong>comprehensive</strong></span> <span class='ocrx_word' id='word_1_71' title='bbox 2114 1852 2280 1916; x_wconf 90' lang='lat' dir='ltr'><strong>view</strong></span> <span class='ocrx_word' id='word_1_72' title='bbox 2327 1852 2400 1915; x_wconf 84' lang='lat' dir='ltr'><strong>of</strong></span> <span class='ocrx_word' id='word_1_73' title='bbox 2462 1852 2583 1915; x_wconf 91' lang='lat' dir='ltr'><strong>the</strong></span> 
     </span>
     <span class='ocr_line' id='line_1_15' title="bbox 369 1955 806 2020; baseline 0.005 -2"><span class='ocrx_word' id='word_1_74' title='bbox 369 1956 582 2020; x_wconf 90' lang='lat' dir='ltr'><strong>whole</strong></span> <span class='ocrx_word' id='word_1_75' title='bbox 614 1955 806 2020; x_wconf 87' lang='lat' dir='ltr'><strong>field:</strong></span> 
     </span>
    </p>
   </div>
   <div class='ocr_carea' id='block_1_6' title="bbox 380 2092 606 2159">
    <p class='ocr_par' dir='ltr' id='par_1_11' title="bbox 380 2092 606 2159">
     <span class='ocr_line' id='line_1_16' title="bbox 380 2092 606 2159; baseline -0.009 -2"><span class='ocrx_word' id='word_1_76' title='bbox 380 2092 564 2159; x_wconf 85' lang='lat' dir='ltr'><strong>Time</strong></span> <span class='ocrx_word' id='word_1_77' title='bbox 582 2113 606 2155; x_wconf 93' lang='lat'><strong>.·</strong></span> 
     </span>
    </p>
   </div>
   <div class='ocr_carea' id='block_1_7' title="bbox 452 2215 2531 2817">
    <p class='ocr_par' dir='ltr' id='par_1_12' title="bbox 464 2215 1617 2298">
     <span class='ocr_line' id='line_1_17' title="bbox 464 2215 1617 2298; baseline -0.001 -20"><span class='ocrx_word' id='word_1_78' title='bbox 464 2233 515 2279; x_wconf 90' lang='lat'><strong>1.</strong></span> <span class='ocrx_word' id='word_1_79' title='bbox 577 2234 741 2279; x_wconf 88' lang='lat' dir='ltr'><strong>cum.</strong></span> <span class='ocrx_word' id='word_1_80' title='bbox 840 2215 968 2280; x_wconf 90' lang='lat' dir='ltr'><strong>See</strong></span> <span class='ocrx_word' id='word_1_81' title='bbox 1003 2232 1060 2291; x_wconf 91' lang='lat'><strong>2,</strong></span> <span class='ocrx_word' id='word_1_82' title='bbox 1094 2236 1157 2291; x_wconf 91' lang='lat' dir='ltr'><strong>a,</strong></span> <span class='ocrx_word' id='word_1_83' title='bbox 1187 2216 1489 2298; x_wconf 88' lang='lat' dir='ltr'><strong>Chapter</strong></span> <span class='ocrx_word' id='word_1_84' title='bbox 1523 2216 1617 2279; x_wconf 93' lang='lat' dir='ltr'><strong>II.</strong></span> 
     </span>
    </p>

    <p class='ocr_par' dir='ltr' id='par_1_13' title="bbox 457 2319 2265 2402">
     <span class='ocr_line' id='line_1_18' title="bbox 457 2319 2265 2402; baseline 0.001 -20"><span class='ocrx_word' id='word_1_85' title='bbox 457 2336 516 2382; x_wconf 87' lang='lat'><strong>2.</strong></span> <span class='ocrx_word' id='word_1_86' title='bbox 577 2331 674 2395; x_wconf 86' lang='lat' dir='ltr'><strong>ut,</strong></span> <span class='ocrx_word' id='word_1_87' title='bbox 706 2321 836 2395; x_wconf 88' lang='lat' dir='ltr'><strong>ubi,</strong></span> <span class='ocrx_word' id='word_1_88' title='bbox 871 2326 1232 2398; x_wconf 84' lang='lat' dir='ltr'><strong>postquam,</strong></span> <span class='ocrx_word' id='word_1_89' title='bbox 1269 2329 1394 2383; x_wconf 90' lang='lat' dir='ltr'><strong>ete.</strong></span> <span class='ocrx_word' id='word_1_90' title='bbox 1491 2319 1617 2396; x_wconf 89' lang='lat' dir='ltr'><strong>See</strong></span> <span class='ocrx_word' id='word_1_91' title='bbox 1651 2336 1708 2396; x_wconf 91' lang='lat'><strong>2,</strong></span> <span class='ocrx_word' id='word_1_92' title='bbox 1743 2320 1804 2395; x_wconf 83' lang='lat' dir='ltr'><strong>d,</strong></span> <span class='ocrx_word' id='word_1_93' title='bbox 1842 2320 2141 2402; x_wconf 88' lang='lat' dir='ltr'><strong>Chapter</strong></span> <span class='ocrx_word' id='word_1_94' title='bbox 2174 2320 2265 2383; x_wconf 92' lang='lat' dir='ltr'><strong>II·.</strong></span> 
     </span>
    </p>

    <p class='ocr_par' dir='ltr' id='par_1_14' title="bbox 452 2423 2514 2609">
     <span class='ocr_line' id='line_1_19' title="bbox 459 2423 2514 2505; baseline -0.001 -17"><span class='ocrx_word' id='word_1_95' title='bbox 459 2440 515 2503; x_wconf 89' lang='lat'><strong>3.</strong></span> <span class='ocrx_word' id='word_1_96' title='bbox 577 2427 752 2500; x_wconf 86' lang='lat' dir='ltr'><strong>dum,</strong></span> <span class='ocrx_word' id='word_1_97' title='bbox 785 2426 996 2499; x_wconf 67' lang='lat' dir='ltr'><strong>donec,</strong></span> <span class='ocrx_word' id='word_1_98' title='bbox 1030 2426 1259 2503; x_wconf 80' lang='lat' dir='ltr'><strong>quoad,</strong></span> <span class='ocrx_word' id='word_1_99' title='bbox 1291 2441 1489 2501; x_wconf 84' lang='lat' dir='ltr'><strong>quam</strong></span> <span class='ocrx_word' id='word_1_100' title='bbox 1521 2425 1652 2489; x_wconf 71' lang='lat' dir='ltr'><strong>dist.</strong></span> <span class='ocrx_word' id='word_1_101' title='bbox 1750 2424 1879 2488; x_wconf 89' lang='lat' dir='ltr'><strong>See</strong></span> <span class='ocrx_word' id='word_1_102' title='bbox 1912 2441 1970 2499; x_wconf 89' lang='lat'><strong>2,</strong></span> <span class='ocrx_word' id='word_1_103' title='bbox 2004 2423 2058 2500; x_wconf 88' lang='lat' dir='ltr'><strong>b,</strong></span> <span class='ocrx_word' id='word_1_104' title='bbox 2088 2424 2385 2505; x_wconf 88' lang='lat' dir='ltr'><strong>Chapter</strong></span> <span class='ocrx_word' id='word_1_105' title='bbox 2419 2423 2514 2487; x_wconf 93' lang='lat'><strong>11.</strong></span> 
     </span>
     <span class='ocr_line' id='line_1_20' title="bbox 452 2527 2239 2621; baseline -0.001 -30"><span class='ocrx_word' id='word_1_106' title='bbox 452 2546 513 2607; x_wconf 91' lang='grc'><strong>4.</strong></span> <span class='ocrx_word' id='word_1_107' title='bbox 574 2537 946 2606; x_wconf 75' lang='lat' dir='ltr'><strong>antequam,</strong></span> <span class='ocrx_word' id='word_1_108' title='bbox 979 2530 1378 2607; x_wconf 83' lang='lat' dir='ltr'><strong>priusquam.</strong></span> <span class='ocrx_word' id='word_1_109' title='bbox 1477 2527 1605 2591; x_wconf 90' lang='lat' dir='ltr'><strong>See</strong></span> <span class='ocrx_word' id='word_1_110' title='bbox 1640 2545 1696 2603; x_wconf 88' lang='lat'><strong>2,</strong></span> <span class='ocrx_word' id='word_1_111' title='bbox 1728 2548 1777 2601; x_wconf 91' lang='lat' dir='ltr'><strong>c,</strong></span> <span class='ocrx_word' id='word_1_112' title='bbox 1815 2528 2113 2621; x_wconf 88' lang='lat' dir='ltr'><strong>Chapter</strong></span> <span class='ocrx_word' id='word_1_113' title='bbox 2146 2528 2239 2590; x_wconf 94' lang='lat' dir='ltr'><strong>II.</strong></span> 
     </span>
    </p>

    <p class='ocr_par' dir='ltr' id='par_1_15' title="bbox 455 2630 2531 2817">
     <span class='ocr_line' id='line_1_21' title="bbox 460 2630 2531 2714; baseline -0 -19"><span class='ocrx_word' id='word_1_114' title='bbox 460 2646 514 2711; x_wconf 90' lang='lat'><strong>5.</strong></span> <span class='ocrx_word' id='word_1_115' title='bbox 581 2632 1002 2695; x_wconf 91' lang='lat' dir='ltr'><strong>Conditional</strong></span> <span class='ocrx_word' id='word_1_116' title='bbox 1038 2632 1356 2696; x_wconf 89' lang='lat' dir='ltr'><strong>Relative.</strong></span> <span class='ocrx_word' id='word_1_117' title='bbox 1455 2631 1667 2707; x_wconf 90' lang='lat' dir='ltr'><strong>See2,</strong></span> <span class='ocrx_word' id='word_1_118' title='bbox 1700 2653 1761 2707; x_wconf 90' lang='lat' dir='ltr'><strong>a,</strong></span> <span class='ocrx_word' id='word_1_119' title='bbox 1799 2647 1873 2709; x_wconf 87' lang='lat'><strong>3;</strong></span> <span class='ocrx_word' id='word_1_120' title='bbox 1925 2645 1981 2711; x_wconf 93' lang='lat'><strong>7,</strong></span> <span class='ocrx_word' id='word_1_121' title='bbox 2016 2630 2070 2706; x_wconf 87' lang='lat' dir='ltr'><strong>b,</strong></span> <span class='ocrx_word' id='word_1_122' title='bbox 2107 2632 2407 2714; x_wconf 88' lang='lat' dir='ltr'><strong>Chapter</strong></span> <span class='ocrx_word' id='word_1_123' title='bbox 2440 2632 2531 2694; x_wconf 94' lang='grc' dir='ltr'><strong>ΙΙ.</strong></span> 
     </span>
     <span class='ocr_line' id='line_1_22' title="bbox 455 2735 2049 2817; baseline 0 -19"><span class='ocrx_word' id='word_1_124' title='bbox 455 2736 516 2799; x_wconf 90' lang='grc'><strong>6.</strong></span> <span class='ocrx_word' id='word_1_125' title='bbox 579 2736 893 2799; x_wconf 88' lang='lat' dir='ltr'><strong>Ablative</strong></span> <span class='ocrx_word' id='word_1_126' title='bbox 924 2736 1272 2801; x_wconf 89' lang='lat' dir='ltr'><strong>Absolute.</strong></span> <span class='ocrx_word' id='word_1_127' title='bbox 1369 2735 1499 2799; x_wconf 89' lang='lat' dir='ltr'><strong>See</strong></span> <span class='ocrx_word' id='word_1_128' title='bbox 1529 2751 1590 2815; x_wconf 86' lang='lat'><strong>9,</strong></span> <span class='ocrx_word' id='word_1_129' title='bbox 1626 2735 1926 2817; x_wconf 91' lang='lat' dir='ltr'><strong>Chapter</strong></span> <span class='ocrx_word' id='word_1_130' title='bbox 1958 2736 2049 2798; x_wconf 93' lang='lat' dir='ltr'><strong>II</strong></span> 
     </span>
    </p>
   </div>
   <div class='ocr_carea' id='block_1_8' title="bbox 375 2870 625 2938">
    <p class='ocr_par' dir='ltr' id='par_1_16' title="bbox 375 2870 625 2938">
     <span class='ocr_line' id='line_1_23' title="bbox 375 2870 625 2938; baseline -0.014 0"><span class='ocrx_word' id='word_1_131' title='bbox 375 2870 625 2938; x_wconf 74' lang='lat' dir='ltr'><strong>Cause:</strong></span> 
     </span>
    </p>
   </div>
   <div class='ocr_carea' id='block_1_9' title="bbox 455 2994 2514 3386">
    <p class='ocr_par' dir='ltr' id='par_1_17' title="bbox 464 2994 1611 3074">
     <span class='ocr_line' id='line_1_24' title="bbox 464 2994 1611 3074; baseline -0.002 -17"><span class='ocrx_word' id='word_1_132' title='bbox 464 3011 516 3057; x_wconf 93' lang='lat'><strong>1.</strong></span> <span class='ocrx_word' id='word_1_133' title='bbox 577 3013 742 3058; x_wconf 84' lang='lat' dir='ltr'><strong>cum.</strong></span> <span class='ocrx_word' id='word_1_134' title='bbox 840 2994 967 3058; x_wconf 88' lang='lat' dir='ltr'><strong>See</strong></span> <span class='ocrx_word' id='word_1_135' title='bbox 1010 3012 1058 3069; x_wconf 95' lang='lat'><strong>1,</strong></span> <span class='ocrx_word' id='word_1_136' title='bbox 1091 3015 1152 3067; x_wconf 90' lang='lat' dir='ltr'><strong>a,</strong></span> <span class='ocrx_word' id='word_1_137' title='bbox 1189 2994 1487 3074; x_wconf 90' lang='lat' dir='ltr'><strong>Chapter</strong></span> <span class='ocrx_word' id='word_1_138' title='bbox 1521 2994 1611 3057; x_wconf 95' lang='lat' dir='ltr'><strong>II.</strong></span> 
     </span>
    </p>

    <p class='ocr_par' dir='ltr' id='par_1_18' title="bbox 460 3094 2514 3282">
     <span class='ocr_line' id='line_1_25' title="bbox 460 3094 2514 3176; baseline -0.001 -16"><span class='ocrx_word' id='word_1_139' title='bbox 460 3116 518 3160; x_wconf 92' lang='lat'><strong>2.</strong></span> <span class='ocrx_word' id='word_1_140' title='bbox 585 3101 770 3176; x_wconf 84' lang='lat' dir='ltr'><strong>quod,</strong></span> <span class='ocrx_word' id='word_1_141' title='bbox 804 3100 978 3176; x_wconf 83' lang='lat' dir='ltr'><strong>quia,</strong></span> <span class='ocrx_word' id='word_1_142' title='bbox 1013 3100 1340 3175; x_wconf 84' lang='lat' dir='ltr'><strong>quoniam,</strong></span> <span class='ocrx_word' id='word_1_143' title='bbox 1373 3100 1648 3176; x_wconf 78' lang='lat' dir='ltr'><strong>quando.</strong></span> <span class='ocrx_word' id='word_1_144' title='bbox 1745 3097 1874 3161; x_wconf 88' lang='lat' dir='ltr'><strong>See</strong></span> <span class='ocrx_word' id='word_1_145' title='bbox 1915 3114 1964 3170; x_wconf 90' lang='lat'><strong>1,</strong></span> <span class='ocrx_word' id='word_1_146' title='bbox 2000 3094 2057 3171; x_wconf 88' lang='lat' dir='ltr'><strong>b,</strong></span> <span class='ocrx_word' id='word_1_147' title='bbox 2086 3096 2384 3176; x_wconf 87' lang='lat' dir='ltr'><strong>Chapter</strong></span> <span class='ocrx_word' id='word_1_148' title='bbox 2420 3096 2514 3158; x_wconf 93' lang='lat' dir='ltr'><strong>II.</strong></span> 
     </span>
     <span class='ocr_line' id='line_1_26' title="bbox 461 3201 1804 3282; baseline -0.002 -17"><span class='ocrx_word' id='word_1_149' title='bbox 461 3219 515 3281; x_wconf 87' lang='lat'><strong>3.</strong></span> <span class='ocrx_word' id='word_1_150' title='bbox 584 3202 902 3267; x_wconf 91' lang='lat' dir='ltr'><strong>Relative.</strong></span> <span class='ocrx_word' id='word_1_151' title='bbox 1000 3202 1127 3266; x_wconf 90' lang='lat' dir='ltr'><strong>See</strong></span> <span class='ocrx_word' id='word_1_152' title='bbox 1164 3218 1221 3276; x_wconf 89' lang='lat'><strong>2,</strong></span> <span class='ocrx_word' id='word_1_153' title='bbox 1253 3224 1302 3276; x_wconf 88' lang='lat' dir='ltr'><strong>c,</strong></span> <span class='ocrx_word' id='word_1_154' title='bbox 1339 3202 1637 3282; x_wconf 91' lang='lat' dir='ltr'><strong>Chapter</strong></span> <span class='ocrx_word' id='word_1_155' title='bbox 1671 3201 1804 3263; x_wconf 95' lang='lat' dir='ltr'><strong>III.</strong></span> 
     </span>
    </p>

    <p class='ocr_par' dir='ltr' id='par_1_19' title="bbox 455 3303 2056 3386">
     <span class='ocr_line' id='line_1_27' title="bbox 455 3303 2056 3386; baseline -0.002 -17"><span class='ocrx_word' id='word_1_156' title='bbox 455 3325 516 3386; x_wconf 93' lang='lat'><strong>4.</strong></span> <span class='ocrx_word' id='word_1_157' title='bbox 582 3307 895 3369; x_wconf 89' lang='lat' dir='ltr'><strong>Ablative</strong></span> <span class='ocrx_word' id='word_1_158' title='bbox 928 3304 1290 3368; x_wconf 70' lang='lat' dir='ltr'><strong>Absolute:</strong></span> <span class='ocrx_word' id='word_1_159' title='bbox 1373 3306 1501 3369; x_wconf 90' lang='lat' dir='ltr'><strong>See</strong></span> <span class='ocrx_word' id='word_1_160' title='bbox 1533 3321 1593 3385; x_wconf 87' lang='lat'><strong>9,</strong></span> <span class='ocrx_word' id='word_1_161' title='bbox 1631 3303 1932 3385; x_wconf 87' lang='lat' dir='ltr'><strong>Chapter</strong></span> <span class='ocrx_word' id='word_1_162' title='bbox 1966 3304 2056 3365; x_wconf 96' lang='lat' dir='ltr'><strong>II.</strong></span> 
     </span>
    </p>
   </div>
   <div class='ocr_carea' id='block_1_10' title="bbox 375 3442 791 3510">
    <p class='ocr_par' dir='ltr' id='par_1_20' title="bbox 375 3442 791 3510">
     <span class='ocr_line' id='line_1_28' title="bbox 375 3442 791 3510; baseline -0.01 0"><span class='ocrx_word' id='word_1_163' title='bbox 375 3442 433 3510; x_wconf 85' lang='lat' dir='ltr'><strong>C</strong></span> <span class='ocrx_word' id='word_1_164' title='bbox 426 3444 748 3507; x_wconf 84' lang='lat' dir='ltr'><strong>oncession</strong></span> <span class='ocrx_word' id='word_1_165' title='bbox 766 3466 791 3506; x_wconf 93' lang='lat'><strong>.·</strong></span> 
     </span>
    </p>
   </div>
   <div class='ocr_carea' id='block_1_11' title="bbox 458 3561 2312 3851">
    <p class='ocr_par' dir='ltr' id='par_1_21' title="bbox 458 3561 2312 3851">
     <span class='ocr_line' id='line_1_29' title="bbox 465 3561 2312 3643; baseline -0.002 -16"><span class='ocrx_word' id='word_1_166' title='bbox 465 3583 519 3627; x_wconf 93' lang='lat'><strong>1.</strong></span> <span class='ocrx_word' id='word_1_167' title='bbox 587 3583 750 3640; x_wconf 88' lang='lat' dir='ltr'><strong>cum,</strong></span> <span class='ocrx_word' id='word_1_168' title='bbox 783 3572 879 3639; x_wconf 86' lang='lat' dir='ltr'><strong>ut,</strong></span> <span class='ocrx_word' id='word_1_169' title='bbox 910 3566 1082 3639; x_wconf 87' lang='lat' dir='ltr'><strong>licet,</strong></span> <span class='ocrx_word' id='word_1_170' title='bbox 1115 3572 1441 3642; x_wconf 83' lang='lat' dir='ltr'><strong>quamvis.</strong></span> <span class='ocrx_word' id='word_1_171' title='bbox 1538 3563 1665 3628; x_wconf 90' lang='lat' dir='ltr'><strong>See</strong></span> <span class='ocrx_word' id='word_1_172' title='bbox 1702 3576 1756 3641; x_wconf 86' lang='lat'><strong>5,</strong></span> <span class='ocrx_word' id='word_1_173' title='bbox 1790 3584 1851 3638; x_wconf 90' lang='lat' dir='ltr'><strong>a,</strong></span> <span class='ocrx_word' id='word_1_174' title='bbox 1888 3563 2184 3643; x_wconf 89' lang='lat' dir='ltr'><strong>Chapter</strong></span> <span class='ocrx_word' id='word_1_175' title='bbox 2220 3561 2312 3623; x_wconf 95' lang='lat' dir='ltr'><strong>II.</strong></span> 
     </span>
     <span class='ocr_line' id='line_1_30' title="bbox 458 3667 1867 3748; baseline -0.002 -16"><span class='ocrx_word' id='word_1_176' title='bbox 458 3686 516 3731; x_wconf 91' lang='lat'><strong>2.</strong></span> <span class='ocrx_word' id='word_1_177' title='bbox 577 3686 998 3747; x_wconf 85' lang='lat' dir='ltr'><strong>quamquam.</strong></span> <span class='ocrx_word' id='word_1_178' title='bbox 1094 3668 1222 3731; x_wconf 90' lang='lat' dir='ltr'><strong>See</strong></span> <span class='ocrx_word' id='word_1_179' title='bbox 1260 3681 1314 3746; x_wconf 89' lang='lat'><strong>5,</strong></span> <span class='ocrx_word' id='word_1_180' title='bbox 1350 3667 1404 3742; x_wconf 93' lang='lat' dir='ltr'><strong>b,</strong></span> <span class='ocrx_word' id='word_1_181' title='bbox 1443 3668 1742 3748; x_wconf 89' lang='lat' dir='ltr'><strong>Chapter</strong></span> <span class='ocrx_word' id='word_1_182' title='bbox 1775 3667 1867 3729; x_wconf 93' lang='lat' dir='ltr'><strong>II.</strong></span> 
     </span>
     <span class='ocr_line' id='line_1_31' title="bbox 460 3768 2252 3851; baseline -0.002 -16"><span class='ocrx_word' id='word_1_183' title='bbox 460 3788 516 3851; x_wconf 92' lang='lat'><strong>3.</strong></span> <span class='ocrx_word' id='word_1_184' title='bbox 581 3779 727 3847; x_wconf 81' lang='lat' dir='ltr'><strong>etsi,</strong></span> <span class='ocrx_word' id='word_1_185' title='bbox 761 3779 1049 3845; x_wconf 81' lang='lat' dir='ltr'><strong>tametsi,</strong></span> <span class='ocrx_word' id='word_1_186' title='bbox 1083 3774 1282 3835; x_wconf 85' lang='lat' dir='ltr'><strong>etiam</strong></span> <span class='ocrx_word' id='word_1_187' title='bbox 1317 3779 1394 3833; x_wconf 84' lang='lat' dir='ltr'><strong>si.</strong></span> <span class='ocrx_word' id='word_1_188' title='bbox 1493 3771 1621 3835; x_wconf 89' lang='lat' dir='ltr'><strong>See</strong></span> <span class='ocrx_word' id='word_1_189' title='bbox 1658 3783 1713 3848; x_wconf 89' lang='lat'><strong>5,</strong></span> <span class='ocrx_word' id='word_1_190' title='bbox 1746 3792 1793 3844; x_wconf 88' lang='lat' dir='ltr'><strong>c,</strong></span> <span class='ocrx_word' id='word_1_191' title='bbox 1830 3770 2126 3851; x_wconf 90' lang='lat' dir='ltr'><strong>Chapter</strong></span> <span class='ocrx_word' id='word_1_192' title='bbox 2158 3768 2252 3831; x_wconf 92' lang='lat'><strong>11.</strong></span> 
     </span>
    </p>
   </div>
  </div>
 </body>
</html>
