2859 4300
696 280 1254 348 SUBORDINATE
1305 295 1651 379 CLAUSEs
1704 294 1801 346 BY
1852 294 2105 348 YEARS
2427 302 2499 368 51

379 490 441 552 4.
510 473 832 537 Relative.
930 473 1058 537 See
1093 489 1151 547 2,
1185 475 1247 547 d,
1284 473 1582 554 Chapter
1615 473 1747 536 III.

388 591 443 656 5.
507 576 824 641 Ablative
860 576 1209 641 Absolute.
1309 576 1438 641 See
1471 593 1531 656 9,
1569 577 1868 658 Chapter
1901 577 1994 639 ΙΙ.

297 713 651 780 condition
673 741 694 776 .·

389 853 442 900 1.
509 836 717 899 Pure:
766 844 844 912 si,
877 837 1026 911 nisi,
1063 844 1184 900 sin.
1285 835 1414 900 See
1450 850 1508 916 7,
1542 857 1602 911 a,
1640 835 1940 918 Chapter
1973 836 2066 898 II.

382 956 438 1003 2.
504 940 929 1005 Conditional
964 941 1419 1021 Comparison.
1517 938 1646 1003 See
1676 939 1736 1015 6,
1769 962 1818 1015 c,
1856 940 2154 1021 Chapter
2188 939 2279 1002 ΙΙ.

382 1060 437 1122 3.
503 1043 929 1108 Conditional
963 1043 1392 1109 Concession.
1492 1042 1620 1106 See
1658 1054 1712 1121 5,
1745 1065 1794 1118 c,
1834 1043 2132 1125 Chapter
2163 1043 2253 1105 II.

376 1166 438 1227 4.
505 1147 928 1214 Conditional
962 1147 1249 1210 Proviso,
1347 1147 1476 1211 See
1511 1149 1568 1222 8,
1605 1146 1905 1228 Chapter
1938 1147 2029 1209 II.

382 1267 437 1332 5.
505 1251 928 1318 Conditional
963 1251 1289 1316 Relative.
1387 1251 1516 1320 See
1545 1269 1602 1326 2,
1626 1272 1687 1325 a,
1719 1267 1752 1329 3
1779 1271 1794 1326 ;
1847 1265 1903 1330 7,
1930 1249 1986 1326 b,
2024 1251 2323 1333 Chapter
2355 1251 2447 1314 ΙΙ.

376 1357 437 1419 6.
503 1356 820 1420 Ablative
852 1355 1204 1419 Absolute.
1303 1355 1432 1420 See
1465 1372 1525 1436 9,
1562 1355 1862 1437 Chapter
1896 1355 1990 1417 II.

283 1495 584 1576 Purpose
603 1515 627 1554 .-

386 1642 435 1686 1.
494 1632 588 1698 ut,
623 1632 702 1688 ne
733 1620 1234 1708 (substantive).
1333 1623 1463 1688 See
1495 1642 1556 1701 4,
1592 1624 1889 1705 Chapter
1926 1624 1978 1686 I.

380 1743 437 1790 2.
499 1735 594 1804 ut,
628 1736 727 1803 ne,
762 1736 886 1805 quo
914 1724 1334 1812 (adverbial).
1434 1728 1561 1791 See
1598 1744 1654 1806 3,
1690 1727 1987 1808 Chapter
2023 1727 2116 1789 II.

380 1847 435 1910 3.
502 1830 824 1894 Relative.
922 1830 1051 1895 See
1085 1847 1141 1906 2,
1177 1829 1232 1906 b,
1270 1831 1569 1913 Chapter
1602 1831 1734 1893 III.

285 1977 532 2040 Result
547 1998 572 2037 .·

385 2115 435 2163 1.
499 2107 594 2175 ut,
626 2105 705 2162 ut
732 2106 880 2174 non,
914 2105 1073 2179 quin
1103 2095 1599 2181 (substantive).
1698 2097 1825 2163 See
1864 2111 1919 2176 5,
1954 2098 2255 2181 Chapter
2287 2096 2339 2161 Ι.

379 2219 435 2265 2.
500 2210 594 2277 ut,
627 2210 707 2266 ut
736 2211 864 2267 non
892 2200 1313 2287 (adverbial).
1411 2201 1540 2266 See
1571 2219 1632 2280 4,
1670 2202 1968 2283 Chapter
2002 2202 2094 2264 ΙΙ.

380 2322 434 2385 3.
504 2306 825 2369 Relative.
922 2306 1051 2370 See
1085 2323 1142 2381 2,
1178 2327 1228 2379 e,
1266 2306 1568 2387 Chapter
1602 2305 1732 2367 ΙΙΙ.

287 2448 714 2534 Compan‘son
733 2474 756 2514 .·

388 2598 436 2643 1.
506 2582 718 2644 Pure:
766 2588 861 2656 ut,
911 2598 1127 2658 quam,
1177 2589 1484 2660 quantus,
1519 2589 1716 2661 atque
1746 2578 1898 2662 (ac).
1997 2580 2125 2645 See
2158 2580 2217 2656 6,
2252 2601 2311 2655 a,
2355 2597 2406 2655 1,
2444 2596 2502 2656 2,

594 2685 726 2748 and
762 2701 816 2764 3,
853 2684 1152 2767 Chapter
1185 2685 1277 2747 II.

378 2806 435 2852 2.
502 2788 944 2853 Conditional.
1038 2788 1167 2852 See
1200 2790 1261 2864 6,
1294 2809 1343 2863 c,
1381 2790 1680 2872 Chapter
1717 2790 1808 2852 ΙΙ.

379 2909 434 2971 3.
503 2891 1033 2956 ParentheticaI:
1079 2899 1174 2956 ut.
1273 2890 1403 2956 See
1435 2894 1496 2969 6,
1532 2892 1589 2968 b,
1624 2893 1922 2975 Chapter
1956 2893 2048 2956 II.

292 3038 619 3102 General:

388 3177 440 3222 1.
507 3158 803 3222 Indirect
834 3160 1184 3241 Question.
1286 3160 1414 3225 See
1452 3176 1508 3238 3,
1545 3161 1842 3241 Chapter
1880 3160 1929 3222 I.

378 3296 434 3342 2.
503 3279 799 3343 Indirect
834 3279 1215 3345 Discourse.
1313 3282 1442 3346 See
1486 3300 1535 3356 1,
1573 3281 1870 3362 Chapter
1905 3282 1957 3343 I.

378 3417 434 3480 3.
497 3401 800 3465 Relative
828 3396 1147 3484 (simple).
1246 3402 1373 3466 See
1417 3420 1467 3477 1,
1506 3402 1802 3483 Chapter
1838 3402 1971 3463 III.
2026 3368 2041 3384 ⁰

373 3541 434 3600 4.
504 3520 709 3585 Fact:
757 3524 942 3601 quod.
1039 3522 1168 3589 See
1203 3540 1261 3599 2,
1296 3524 1597 3605 Chapter
1633 3523 1685 3585 I.
